
@inproceedings{gerkey2003,
  title={The player/stage project: Tools for multi-robot and distributed sensor systems},
  author={Gerkey, Brian and Vaughan, Richard T and Howard, Andrew},
  booktitle={Proceedings of the 11th international conference on advanced robotics},
  volume={1},
  pages={317--323},
  year={2003}
}

@incollection{vaughan2007,
  title={Reusable robot software and the player/stage project},
  author={Vaughan, Richard T and Gerkey, Brian P},
  booktitle={Software Engineering for Experimental Robotics},
  pages={267--289},
  year={2007},
  publisher={Springer}
}

@inproceedings{quigley2009,
  title={ROS: an open-source Robot Operating System},
  author={Quigley, Morgan and Conley, Ken and Gerkey, Brian and Faust, Josh and Foote, Tully and Leibs, Jeremy and Wheeler, Rob and Ng, Andrew Y},
  booktitle={ICRA workshop on open source software},
  volume={3},
  number={3.2},
  pages={5},
  year={2009}
}

@article{elkady2012,
  title={Robotics middleware: A comprehensive literature survey and attribute-based bibliography},
  author={Elkady, Ayssam and Sobh, Tarek},
  journal={Journal of Robotics},
  volume={2012},
  year={2012},
  publisher={Hindawi Publishing Corporation}
}

@article{kramer2007,
  title={Development environments for autonomous mobile robots: A survey},
  author={Kramer, James and Scheutz, Matthias},
  journal={Autonomous Robots},
  volume={22},
  number={2},
  pages={101--132},
  year={2007},
  publisher={Springer}
}

@inproceedings{Gruner:2009,
 author = {Gr\"{u}ner, Sten and Lorentsen, Thomas},
 title = {Teaching Erlang Using Robotics and Player/Stage},
 booktitle = {Proceedings of the 8th ACM SIGPLAN Workshop on ERLANG},
 series = {ERLANG '09},
 year = {2009},
 isbn = {978-1-60558-507-9},
 location = {Edinburgh, Scotland},
 pages = {33--40},
 numpages = {8},
 doi = {10.1145/1596600.1596606},
 acmid = {1596606},
 publisher = {ACM},
 address = {New York, NY, USA},
 keywords = {erlang, player/stage, teaching},
} 

@article{Vaughan:2008,
year={2008},
issn={1935-3812},
journal={Swarm Intelligence},
volume={2},
number={2-4},
doi={10.1007/s11721-008-0014-4},
title={Massively multi-robot simulation in stage},
publisher={Springer US},
keywords={Simulation; Swarm; Multi-robot; Stage; Player/stage},
author={Vaughan, Richard},
pages={189-208},
language={English}
}


@article{ludi2011,
  title={The use of robotics to promote computing to pre-college students with visual impairments},
  author={Ludi, Stephanie and Reichlmayr, Tom},
  journal={ACM Transactions on Computing Education (TOCE)},
  volume={11},
  number={3},
  pages={20},
  year={2011},
}

@inproceedings{ludi2010,
  title={JBrick: accessible lego mindstorm programming tool for users who are visually impaired},
  author={Ludi, Stephanie and Abadi, Mohammed and Fujiki, Yuji and Sankaran, Priya and Herzberg, Spencer},
  booktitle={Proceedings of the 12th international ACM SIGACCESS conference on Computers and accessibility},
  pages={271--272},
  year={2010},
  organization={ACM}
}

@inproceedings{ludi2014,
  title={An accessible robotics programming environment for visually impaired users},
  author={Ludi, Stephanie and  Ellis, Lindsey and  Jordan, Scott},
  booktitle={Proceedings of the 16th international ACM SIGACCESS conference on Computers \& accessibility},
  pages={237--238},
  year={2014},
  organization={ACM}
}

@inproceedings{Ludi:2008,
 author = {Ludi, Stephanie Ann and Reichlmayr, Thomas},
 title = {Developing Inclusive Outreach Activities for Students with Visual Impairments},
 booktitle = {Proceedings of the 39th SIGCSE Technical Symposium on Computer Science Education},
 year = {2008},
 pages = {439--443},
 publisher = {ACM},
}

@CONFERENCE{Howard:2013,
author={Park, C.H. and Howard, A.M.},
title={Engaging students with visual impairments in engineering and computer science through robotic game programming (research-to-practice)},
journal={ASEE Annual Conference and Exposition, Conference Proceedings},
year={2013},
page_count={5},
url={https://www.scopus.com/inward/record.uri?eid=2-s2.0-84884340801&partnerID=40&md5=7f41c0b777d665890e4fb65835324f02},
document_type={Conference Paper},
source={Scopus},
}

@CONFERENCE{Motoyoshi:2015,
author={Motoyoshi, T. and Kakehashi, S. and Masuta, H. and Koyanagi, K. and Oshima, T. and Kawakami, H.},
title={The usefulness of P-CUBE as a programming education tool for programming beginners},
journal={Proceedings - IEEE International Workshop on Robot and Human Interactive Communication},
year={2015},
volume={2015-November},
pages={297-300},
url={https://www.scopus.com/inward/record.uri?eid=2-s2.0-84954045119&partnerID=40&md5=b47ca41674390f25a5455b1d69d190ab},
document_type={Conference Paper},
source={Scopus},
}

@CONFERENCE{Kakehashi:2015,
author={Kakehashi, S. and Motoyoshi, T. and Koyanagi, K. and Oshima, T. and Masuta, H. and Kawakami, H.},
title={Improvement of P-CUBE: Algorithm education tool for visually impaired persons},
journal={IEEE SSCI 2014: 2014 IEEE Symposium Series on Computational Intelligence - RiiSS 2014: 2014 IEEE Symposium on Robotic Intelligence in Informationally Structured Space, Proceedings},
year={2015},
url={https://www.scopus.com/inward/record.uri?eid=2-s2.0-84922603228&partnerID=40&md5=5344e414263d682f4782c8d1c8916f04},
document_type={Conference Paper},
source={Scopus},
}

@inproceedings{dorsey2013,
  title={Developing the Capabilities of Blind and Visually Impaired Youth to Build and Program Robots},
  author={Dorsey, Rayshun and Park, Chung Hyuk and Howard, Ayanna M.},
  booktitle={Proceedings of the CSUN Annual International Technology and Persons with Disabilities Conference},
  pages={55--67},
  year={2013}
}

@inproceedings{Kakehashi2013,
  title={P-CUBE: Block Type Programming Tool for Visual Impairments},
  author={Kakehashi, Shun and Motoyoshi, Tatsuo and Koyanagi, Ken’ichi and Ohshima, Toru and Kawakami, Hiroshi},
  booktitle={Proceedings of the Conference on Technologies and Applications of Artificial Intelligence (TAAI)},
  pages={294--299},
  year={2013},
  organization={IEEE}
}
 

@inproceedings{Kakehashi2014,
  title={Improvement of P-CUBE: Algorithm Education Tool for Visually Impaired Persons},
  author={Kakehashi, Shun and Motoyoshi, Tatsuo and Koyanagi, Ken’ichi and Oshima, Toru and Masuta, Hiroyuki and Kawakami, Hiroshi},
  booktitle={Proceedings of the IEEE Symposium on Robotic Intelligence In Informationally Structured Space (RiiSS)},
  pages={1--6},
  year={2014},
  organization={IEEE}
}

@inproceedings{Tran2007,
 title = {Text-to-speech Technology-based Programming Tool},
 author = {Tran, Dat and Haines, Philip and Ma, Wanli and Sharma, Dharmendra},
 booktitle = {Proceedings of the 7th WSEAS International Conference on Signal, Speech and Image Processing},
 year = {2007},
 pages = {173--176},
} 

@inproceedings{Konecki2015,
 title = {GUIDL IA: An intelligent assistant for aiding visually impaired in using GUIDL},
 author = {Konecki, Mario and Kudelić, Robert and Gjoreski, Hristijan},
 booktitle = {Proceedings of the 38th International Convention on Information and Communication Technology, Electronics and Microelectronics (MIPRO)},
 year = {2015},
 pages = {1114--1117},
} 

@inproceedings{Franqueiro2006,
 author = {Franqueiro, Kenneth G. and Siegfried, Robert M.},
 title = {Designing a Scripting Language to Help the Blind Program Visually},
 booktitle = {Proceedings of the 8th International ACM SIGACCESS Conference on Computers and Accessibility},
 year = {2006},
 pages = {241--242},
} 

@article{howard2012,
  title={Using haptic and auditory interaction tools to engage students with visual impairments in robot programming activities},
  author={Howard, Ayanna M and Park, Chung Hyuk and Remy, Sekou},
  journal={Learning Technologies, IEEE Transactions on},
  volume={5},
  number={1},
  pages={87--95},
  year={2012},
  publisher={IEEE}
}

@article{park2012,
  title={Robot-based haptic perception and telepresence for the visually impaired},
  author={Park, Chung Hyuk},
  year={2012},
  publisher={Georgia Institute of Technology}
}

@inproceedings{remy2013,
  title={Extending access to personalized verbal feedback about robots for programming students with visual impairments},
  author={Remy, Sekou L},
  booktitle={Proceedings of the 15th International ACM SIGACCESS Conference on Computers and Accessibility},
  pages={49},
  year={2013},
  organization={ACM}
}


@inproceedings{azevedo2010,
  title={Minicurso: Introdução a Robótica Educacional},
  author={Samuel Azevedo and Akynara Aglaé  and Renata Pitta},
  booktitle={62o  reunião anual da Sociedade Brasileira Para o Progresso da Ciência (SBPC)},
  year={2010},
}


@article{black2001,
  title={The festival speech synthesis system, version 1.4. 2},
  author={Black, Alan and Taylor, Paul and Caley, Richard and Clark, Rob and Richmond, Korin and King, Simon and Strom, Volker and Zen, Heiga},
  year={2001}
}


@article{figueira2000,
  title={Assistência fisioterápica à criança portadora de cegueira congénita},
  author={Figueira, Maria Margarete Andrade},
  journal={Revista Benjamin Constant},
  number={17},
  year={2000}
}

@article{martins-abreu2008,
  title={Implementação e Utilização de Maquete Tátil Sonora por Pessoas Cegas},
  author={Martins, Renato José and Viegas d'Abreu, João Vilhete},
  booktitle={Revista Avances en Sistemas e Informática},
  year={2008},
  pages = {115-119}
}

@inproceedings{zanetti-oliveira2015,
  title={Prática de ensino de Programação de Computadores com Robótica Pedagógica e aplicação de Pensamento},
  author={Humberto Augusto Piovesana Zanetti and Cláudio Luís Vieira Oliveira},
  booktitle={IV Congresso Brasileiro de Informática na Educação (CBIE)},
  year={2015}
}

@inproceedings{kane2014,
  title={Tracking stemxcomet: teaching programming to blind students via 3D printing, crisis management, and twitter},
  author={Kane, Shaun K and Bigham, Jeffrey P},
  booktitle={ACM technical symposium on Computer science education},
  pages={247--252},
  year={2014}
}


@incollection{Valente1996,
  author      = {José Armando Valente},
  title       = {O papel do facilitador no ambiente Logo},
  editor      = {José Armando Valente},
  booktitle   = {O papel do facilitador no ambiente Logo: formação e atuação},
  publisher   = {UNICAMP/NIED},
  year        = 1996,
  pages       = {1-34},
  chapter     = 1,
}

@book{dutra2003,
  Title      = {Orientação e Mobilidade: Conhecimentos básicos para a inclusão do deficiente visual},
  Author     = {Claudia Pereira Dutra},
  Publisher  = {MEC/SEESP},
  Year       = {2003},
  Pages     = 165,
}


@book{rpi-book1,
  author    = {Richard Grimmett}, 
  title     = {Raspberry Pi Robotics Projects},
  publisher = {Packt Publishing},
  year      = 2015,
  edition   = 2
}


@book{rpi-book2,
  author    = {Richard Grimmett}, 
  title     = {Raspberry Pi Robotics Essential},
  publisher = {Packt Publishing},
  year      = 2015,
}

@book{rpi-book3,
  author    = {Samarth Shah}, 
  title     = {Learning Raspberry Pi},
  publisher = {Packt Publishing},
  year      = 2015,
}


@book{ardu-book1,
  author    = {Richard Grimmett}, 
  title     = {Arduino Robotic Projects},
  publisher = {Packt Publishing},
  year      = 2014,
}

@book{ardu-book2,
  author    = {John-David Warren and  Josh Adams and Harald Molle}, 
  title     = {Arduino Robotics},
  publisher = {Apress},
  year      = 2011,
}

